<?xml version="1.0" encoding="UTF-8" ?>
<collection xmlns:xsi="http://www.w3.org/2001/XMLSchema-instance"
    xsi:schemaLocation="http://www.loc.gov/MARC21/slim
        http://www.loc.gov/standards/marcxml/schema/MARC21slim.xsd"
    xmlns="http://www.loc.gov/MARC21/slim">
<record>
  <leader>00232cam a2200433 i 4500</leader>
  <controlfield tag="001">b12475014</controlfield>
  <controlfield tag="003">LeBAU</controlfield>
  <controlfield tag="005">20190725</controlfield>
  <controlfield tag="008">970531s1937    ua            000 0 ara d</controlfield>
  <datafield tag="035" ind1=" " ind2=" ">
    <subfield code="a">ocn784334340</subfield>
  </datafield>
  <datafield tag="040" ind1=" " ind2=" ">
    <subfield code="a">LEAUB</subfield>
    <subfield code="b">ara</subfield>
    <subfield code="e">rda</subfield>
    <subfield code="c">LEAUB</subfield>
    <subfield code="d">LEAUB</subfield>
  </datafield>
  <datafield tag="082" ind1="0" ind2="4">
    <subfield code="a">349.297</subfield>
    <subfield code="2">20</subfield>
  </datafield>
  <datafield tag="100" ind1="1" ind2=" ">
    <subfield code="6">880-01</subfield>
    <subfield code="a">Maghribī, Ḥusayn Ibrāhīm,</subfield>
    <subfield code="d">1807-1875.</subfield>
    <subfield code="e">author.</subfield>
    <subfield code="0">https://lccn.loc.gov/no2016142225 ,</subfield>
  </datafield>
  <datafield tag="245" ind1="1" ind2="0">
    <subfield code="6">880-02</subfield>
    <subfield code="a">Qurrat al-ʻayn bi-fatāwá ʻulamāʼ al-Ḥaramayn /</subfield>
    <subfield code="c">ashrafa ʻalá taṣḥīḥihi wa-ḍabṭ uṣūlih faḍīlat al-ustādh al-Shaykh Muḥammad ʻAlī ibn Ḥusayn al-Mālikī, muftī al-sādah al-Mālikīyah bi-al-Ḥaram al-Makkī [sābiqan].</subfield>
  </datafield>
  <datafield tag="250" ind1=" " ind2=" ">
    <subfield code="6">880-03</subfield>
    <subfield code="a">al-Ṭabʻah al-ūlá.</subfield>
  </datafield>
  <datafield tag="264" ind1=" " ind2="1">
    <subfield code="6">880-04</subfield>
    <subfield code="a">Miṣr :</subfield>
    <subfield code="b">al-Maktabah al-Tijārīyah al-Kubrá,</subfield>
    <subfield code="c">1356 H. = 1937 M.</subfield>
  </datafield>
  <datafield tag="300" ind1=" " ind2=" ">
    <subfield code="6">880-05</subfield>
    <subfield code="a">382 pages ;</subfield>
    <subfield code="c">27 cm</subfield>
  </datafield>
  <datafield tag="336" ind1=" " ind2=" ">
    <subfield code="a">text</subfield>
    <subfield code="b">txt</subfield>
    <subfield code="2">rdacontent</subfield>
  </datafield>
  <datafield tag="337" ind1=" " ind2=" ">
    <subfield code="a">unmediated</subfield>
    <subfield code="b">n</subfield>
    <subfield code="2">rdamedia</subfield>
  </datafield>
  <datafield tag="338" ind1=" " ind2=" ">
    <subfield code="a">volume</subfield>
    <subfield code="b">nc</subfield>
    <subfield code="2">rdacarrier</subfield>
  </datafield>
  <datafield tag="505" ind1="0" ind2="0">
    <subfield code="a">قرة العين بفتاوى علماء الحرمين:</subfield>
    <subfield code="g">(1).</subfield>
    <subfield code="t">فتاوى العلامة الإمام الشيخ حسين إبراهيم المغربي، مفتي السادة المالكية بمكة المكرمة، بصلب الكتاب --</subfield>
    <subfield code="g">(2).</subfield>
    <subfield code="t">فتاوى العلامة الإمام الشيخ محمد صالح الرئيس الزبيري، بهامش الكتاب.</subfield>
  </datafield>
  <datafield tag="650" ind1=" " ind2="4">
    <subfield code="a">الفتاوى</subfield>
    <subfield code="z">السعودية.</subfield>
  </datafield>
  <datafield tag="650" ind1=" " ind2="4">
    <subfield code="a">الفقه الاسلامي.</subfield>
  </datafield>
  <datafield tag="650" ind1=" " ind2="0">
    <subfield code="a">Fatwas</subfield>
    <subfield code="z">Saudi Arabia.</subfield>
  </datafield>
  <datafield tag="650" ind1=" " ind2="0">
    <subfield code="a">Islamic law.</subfield>
  </datafield>
  <datafield tag="700" ind1="1" ind2=" ">
    <subfield code="6">880-06</subfield>
    <subfield code="a">Zubayrī, Muḥammad Ṣāliḥ,</subfield>
    <subfield code="e">author.</subfield>
  </datafield>
  <datafield tag="700" ind1="1" ind2=" ">
    <subfield code="6">880-07</subfield>
    <subfield code="a">Mālikī, Muḥammad ʻAlī ibn Ḥusayn,</subfield>
    <subfield code="d">1870 or 1871-1947 or 1948.</subfield>
    <subfield code="e">compiler.</subfield>
    <subfield code="0">https://lccn.loc.gov/nr91020515 ,</subfield>
  </datafield>
  <datafield tag="852" ind1=" " ind2=" ">
    <subfield code="a">Jafet Library</subfield>
    <subfield code="e">American University of Beirut, Bliss Street , Beirut, Lebanon.</subfield>
  </datafield>
  <datafield tag="880" ind1="1" ind2=" ">
    <subfield code="6">100-01/(3/r</subfield>
    <subfield code="a">المغربي، حسين إبراهيم،</subfield>
    <subfield code="d">1807-1875،</subfield>
    <subfield code="0">https://lccn.loc.gov/no2016142225 ,</subfield>
    <subfield code="e">مؤلف. </subfield>
    <subfield code="4">aut.</subfield>
  </datafield>
  <datafield tag="880" ind1="1" ind2="0">
    <subfield code="6">245-02/(3/r</subfield>
    <subfield code="a">قرة العين بفتاوى علماء الحرمين /</subfield>
    <subfield code="c">أشرف على تصحيحه وضبط اصوله فضيلة الأستاذ الشيخ محمد علي بن حسين المالكي مفتي السادة المالكية بالحرم المكي [سابقاً].</subfield>
  </datafield>
  <datafield tag="880" ind1=" " ind2=" ">
    <subfield code="6">250-03/(3/r</subfield>
    <subfield code="a">الطبعة الاولى.</subfield>
  </datafield>
  <datafield tag="880" ind1=" " ind2="1">
    <subfield code="6">264-04/(3/r</subfield>
    <subfield code="a">مصر :</subfield>
    <subfield code="b">المكتبة التجارية الكبرى،</subfield>
    <subfield code="c">1356 هـ. = 1937 م.</subfield>
  </datafield>
  <datafield tag="880" ind1=" " ind2=" ">
    <subfield code="6">300-05/(3/r</subfield>
    <subfield code="a">382 صفحة ؛</subfield>
    <subfield code="c">27 سم</subfield>
  </datafield>
  <datafield tag="880" ind1="1" ind2=" ">
    <subfield code="6">700-06/(3/r</subfield>
    <subfield code="a">الزبيري، محمد صالح،</subfield>
    <subfield code="e">مؤلف. </subfield>
    <subfield code="4">aut.</subfield>
  </datafield>
  <datafield tag="880" ind1="1" ind2=" ">
    <subfield code="6">700-07/(3/r</subfield>
    <subfield code="a">المالكي، محمد علي بن حسين،</subfield>
    <subfield code="d">1870 او 1871-1947 او 1948،</subfield>
    <subfield code="0">https://lccn.loc.gov/nr91020515 ,</subfield>
    <subfield code="e">معد. </subfield>
    <subfield code="4">com.</subfield>
  </datafield>
  <datafield tag="907" ind1=" " ind2=" ">
    <subfield code="a">.b12475014</subfield>
    <subfield code="b">19-08-29</subfield>
    <subfield code="c">11-05-24</subfield>
  </datafield>
  <datafield tag="907" ind1=" " ind2=" ">
    <subfield code="a">.b12475014</subfield>
    <subfield code="b">15-10-15</subfield>
    <subfield code="c">11-05-24</subfield>
  </datafield>
  <datafield tag="945" ind1=" " ind2=" ">
    <subfield code="f">J</subfield>
    <subfield code="a">349.297:M191kA</subfield>
    <subfield code="i">00511237</subfield>
    <subfield code="j">.i12959091</subfield>
    <subfield code="l">u0503</subfield>
  </datafield>
  <datafield tag="998" ind1=" " ind2=" ">
    <subfield code="a">u05</subfield>
    <subfield code="b">97-05-31</subfield>
    <subfield code="c">m</subfield>
    <subfield code="d">a  </subfield>
    <subfield code="e">-</subfield>
    <subfield code="f">ara</subfield>
    <subfield code="g">ua </subfield>
    <subfield code="h">0</subfield>
    <subfield code="i">1</subfield>
  </datafield>
</record>
</collection>
